<collection xmlns="http://www.loc.gov/MARC21/slim">
<record>
  <leader>00959nam0a22002171i 450 </leader>
  <controlfield tag="001">IT\ICCU\CNCE\025749</controlfield>
  <controlfield tag="005">20121004000000.0</controlfield>
  <datafield tag="012" ind1=" " ind2=" ">
    <subfield code="a">e.re rere titi uiui (C) 1598 (A)</subfield>
    <subfield code="2">fei</subfield>
  </datafield>
  <datafield tag="100" ind1=" " ind2=" ">
    <subfield code="a">19970930d1598        0itac0103    ba</subfield>
  </datafield>
  <datafield tag="101" ind1=" " ind2=" ">
    <subfield code="a">ITA</subfield>
  </datafield>
  <datafield tag="102" ind1=" " ind2=" ">
    <subfield code="a">IT</subfield>
  </datafield>
  <datafield tag="200" ind1="1" ind2=" ">
    <subfield code="a">℗Il ℗perpetuo, et marauiglioso almanaco, composto dall&apos;eccellen. astrologo, &amp; poeta m. Hercole Gratarola. Et raccolto dalli piu famosi authori dell&apos;et ̉nostra. Di nouo stampato, et con ogni diligenza corretto</subfield>
  </datafield>
  <datafield tag="210" ind1=" " ind2=" ">
    <subfield code="a">In Torino</subfield>
    <subfield code="c">appresso Pietro Gaydetto</subfield>
    <subfield code="d">ad instanza di Antonio Manzolino</subfield>
    <subfield code="d">1598</subfield>
  </datafield>
  <datafield tag="215" ind1=" " ind2=" ">
    <subfield code="a">\4! c.</subfield>
    <subfield code="c">ill.</subfield>
    <subfield code="d">8ʻ</subfield>
  </datafield>
  <datafield tag="620" ind1=" " ind2=" ">
    <subfield code="a">IT</subfield>
    <subfield code="d">Torino</subfield>
  </datafield>
  <datafield tag="700" ind1=" " ind2="1">
    <subfield code="a">Gratarola,</subfield>
    <subfield code="b">Ercole</subfield>
    <subfield code="3">IT\ICCU\CNCA\007510</subfield>
  </datafield>
  <datafield tag="712" ind1="0" ind2="0">
    <subfield code="a">Gaydeto, Pietro</subfield>
    <subfield code="3">IT\ICCU\CNCT\002340</subfield>
    <subfield code="4">650</subfield>
  </datafield>
  <datafield tag="712" ind1="0" ind2="0">
    <subfield code="a">Manzolino, Antonio</subfield>
    <subfield code="3">IT\ICCU\CNCT\002490</subfield>
    <subfield code="4">650</subfield>
  </datafield>
  <datafield tag="791" ind1="0" ind2="0">
    <subfield code="a">Gaydetto, Pietro</subfield>
    <subfield code="3">IT\ICCU\CNCT\004848</subfield>
    <subfield code="z">Gaydeto, Pietro</subfield>
  </datafield>
  <datafield tag="801" ind1=" " ind2="3">
    <subfield code="a">IT</subfield>
    <subfield code="b">ICCU</subfield>
    <subfield code="c">20201114</subfield>
  </datafield>
  <datafield tag="899" ind1=" " ind2=" ">
    <subfield code="a">Biblioteca universitaria. Bologna</subfield>
    <subfield code="1">BO0098</subfield>
    <subfield code="2">UBO BU</subfield>
  </datafield>
</record>
</collection>
